<?xml version="1.0" encoding="UTF-8"?><collection xmlns="http://www.loc.gov/MARC21/slim"><record><leader>00425nam--2200133-i-4500</leader><controlfield tag="001">000007744</controlfield><controlfield tag="002">20161230</controlfield><controlfield tag="005">20161230201027</controlfield><controlfield tag="008">060222s1000------------r-----000-0-eng-d</controlfield><datafield ind1=" " ind2=" " tag="100"><subfield code="a">Bolton, R. And De La Mare, P.B.D</subfield></datafield><datafield ind1=" " ind2=" " tag="245"><subfield code="a">Electrophilic additions to unsaturated systems x + 284 p</subfield></datafield><datafield ind1=" " ind2=" " tag="260"><subfield code="a">Amsterdam, Elsevier Publ.Co., 1966. X + 284 P</subfield></datafield><datafield ind1=" " ind2=" " tag="490"><subfield code="a">Reactiion Mechanisms In Organic Chemistry, Mo Nograph</subfield></datafield><datafield ind1=" " ind2=" " tag="852"><subfield code="a">13870</subfield></datafield></record></collection>